04100000                                                                                                                                      2                    103                                                                          
04100011T    060                                                                                                                                                                                                                                
0410001300001T 0601102 0000000123456 2283256351          11              1407201500000000001999004101102 1                        091000012345678901PABLO DIEGO JOSE FRANCISCO DE PAULA JUAN00008050760000000000001700300000000                 
0410001300002U 060000000000000100000000000000200000000000000300000000000000400000000000200000000000000197000000000000000500000000000000601507201516072015            000000000000000CONTRATO CREDITO 123          00000000000000000000000       
04100015         000004                                                                                                                                                                                                                         
04199999         000001000006                                                                                                                                                                                                                   
