01REMESSA01COBRANCA       0001 000000027      SOCIEDADE BRASILEIRA DE ZOOLOG097CENTRALCREDI   1407150000003                                                                                                                                                                                                                                                                                            001000001
102123456789012340001000000027                          0000000000000000012301140715      013301 0600         00000000001407150000000019990140715     140715 0100012345678901PABLO DIEGO JOSE FRANCISCO DE PAULA JUAN                         RUA RIO GRANDE DO SUL SAO PAULO MIN      SAO JOSE DOS QUATRO APOSTSANTA RITA DE CASSIA MARISP12345678                                                       000002
9                                                                                                                                                                                                                                                                                                                                                                                                         000003
