04100000         1000123456789011102900015046       01102 0000000123456 SOCIEDADE BRASILEIRA DE ZOOLOGBANRISUL                                11407201516151500000110300000                                                                     
04100011R01  060 10000123456789011102900015046       01102 0000000123456 SOCIEDADE BRASILEIRA DE ZOOLOGCAMPO DESTINADO AO PREENCHIMENTO NO MOMECAMPO DESTINADO AO PREENCHIMENTO NO MOME000000011407201500000000                                 
0410001300001P 0101102 0000000123456 2283256351          112221              1407201500000000001999000000 02N140720153000000000000000000000000000000000000000000000000000000000000000000000000000001                        30000000900008050761
0410001300002Q 011000012345678901PABLO DIEGO JOSE FRANCISCO DE PAULA JUANRUA RIO GRANDE DO SUL SAO PAULO MINAS CASAO JOSE DOS QU12345678SANTA RITA DE CSP                                                        000                            
0410001300003R 01000000000000000000000000000000000000000000000000215072015000000000000200                                                                                                              0000000000000000 000000000000  0         
04100015         00000500000100000000000019990000000000000000000000000000000000000000000000000000000000000000000000                                                                                                                             
04199999         000001000007                                                                                                                                                                                                                   
